@article{sdddst,
title = {SDDDST - Simple Discrete Dislocation Dynamics Simulation Toolkit},
author = {Gábor Péterffy},
year = {2018}
}

@article{wiki,
title = {Dislocations},
year = {en.wikipedia.org/wiki/Dislocation}
}

@article{random,
title = {Introduction to Dislocations},
author = {D. Hull and D.J. Bacon},
year = {2011}
}